
@String{STVR = {Software Testing, Verification \& Reliability}}


@INPROCEEDINGS{sung12datalayout,
author={I. J. Sung and G. D. Liu and W. M. W. Hwu},
booktitle={Innovative Parallel Computing},
title={DL: A data layout transformation system for heterogeneous computing},
year={2012},
keywords={data handling;graphics processing units;libraries;multiprocessing systems;parallel processing;DL;GPU DRAM usage;GPU memory capacity;OpenCL;access patterns;aggregate array handling;array of structure;data layout transformation system;discrete arrays layouts;heterogeneous computing;kernel performance;legacy host code;many-core architectures;marshal data array handling;marshaling temporal cost;memory parallelism;off-chip memory access behavior;off-chip memory bandwidth;performance sensitive kernels;run-time marshaling library;spatial overhead;structure of arrays;Arrays;Graphics processing unit;Kernel;Layout;Random access memory;Tiles;Data Layout;GPU;Marshaling},
doi={10.1109/InPar.2012.6339606},
month={May},}

@article{andrews2006using,
  title={Using mutation analysis for assessing and comparing testing coverage criteria},
  author={Andrews, James H and Briand, Lionel C and Labiche, Yvan and Namin, Akbar Siami},
  journal={IEEE Transactions on Software Engineering},
  volume={32},
  number={8},
  pages={608--624},
  year={2006},
  publisher={IEEE}
}

@inproceedings{lashgar2011performance,
  title={Performance in {GPU} architectures: Potentials and distances},
  author={Lashgar, Ahmad and Baniasadi, Amirali},
  booktitle={9th Annual Workshop on Duplicating, Deconstructing, and Debunking (WDDD)},
  year={2011}
}

@inproceedings{lee2010debunking,
  title={Debunking the 100X {GPU} vs.~{CPU} myth: an evaluation of throughput computing on {CPU} and {GPU}},
  author={Lee, Victor W and Kim, Changkyu and Chhugani, Jatin and Deisher, Michael and Kim, Daehyun and Nguyen, Anthony D and Satish, Nadathur and Smelyanskiy, Mikhail and Chennupaty, Srinivas and Hammarlund, Per and others},
  booktitle={ACM SIGARCH Computer Architecture News},
  volume={38},
  number={3},
  pages={451--460},
  year={2010},
  organization={ACM}
}

@article{henning2006spec,
  title={SPEC CPU2006 benchmark descriptions},
  author={Henning, John L},
  journal={ACM SIGARCH Computer Architecture News},
  volume={34},
  number={4},
  pages={1--17},
  year={2006},
  publisher={ACM}
}

@misc{Nvidia-keynote,
  title = {``http://www.gputechconf.com/page/live-stream-source1.html''},
  author = {Jen-Hsun Huang},
  booktitle ={{GPU} Technology Conference Keynote March 25th, 2014 },
  year = {2014}
 }
 
 
 @article{whitehead2011precision,
  title={Precision \& performance: Floating point and IEEE 754 compliance for NVIDIA GPUs},
  author={Whitehead, Nathan and Fit-Florea, Alex},
  journal={rn (A+ B)},
  volume={21},
  year={2011}
}
 
@book{desikan2006software,
  title={Software testing: principles and practice},
  author={Desikan, Srinivasan and Ramesh, Gopalaswamy},
  year={2006},
  publisher={Pearson Education India}
}

@inproceedings{kato2011operating,
  title={Operating Systems Challenges for {GPU} Resource Management},
  author={Kato, Shinpei and Brandt, Scott and Ishikawa, Yutaka and Rajkumar, R},
  booktitle={Operating Systems Platforms for Embedded Real-Time Applications},
  year={2011}
}

@inproceedings{ryoo2008program,
  title={Program optimization space pruning for a multithreaded {GPU}},
  author={Ryoo, Shane and Rodrigues, Christopher I and Stone, Sam S and Baghsorkhi, Sara S and Ueng, Sain-Zee 
          and Stratton, John A and Hwu, Wen-mei W},
  booktitle={Code Generation and Optimization (CGO)},
  year={2008},
  organization={ACM}
}
%%%%%%%%%%GPGPU apps%%%%%%%%%%%%%
 
@inproceedings{shimokawabe201080,
  title={An 80-fold speedup, 15.0 {TFlops} full {GPU} acceleration of non-hydrostatic weather model {ASUCA} production code},
  author={Shimokawabe {et al.}, Takashi},
  booktitle={SC},
  year={2010},
  organization={IEEE}
}

@misc{Nvidia-gpgpu,
  title = {``http://livesmooth.istreamplanet.com/nvidia100923/''},
  author = {S.Thrun},
  booktitle ={GTC Closing Keynote, 2010},
  year = {2010}
 }

 @inproceedings{al2008storegpu,
  title={{StoreGPU}: exploiting graphics processing units to accelerate distributed storage systems},
  author={Al-Kiswany {et al.}, Samer},
  booktitle={HPDC},
  year={2008},
  organization={ACM}
}
%pages={80--113},
%and Luebke, D. and Govindaraju, N. and Harris, M. and Kr{\"u}ger, J. and Lefohn, A.E. and Purcell, T.J.
@inproceedings{owens2007survey,
  title={A Survey of General-Purpose Computation on Graphics Hardware},
  author={Owens  {et al.}, J.D.},
  booktitle={Computer graphics forum},
  volume={26},
  number={1},
  year={2007},
  organization={Wiley Online Library}
}
%%%%%%%%%%%%%%%%%%%%%%%%%%%%EEMBC%%%%%%%%%%%%%%%%%%%%%%
@article{poovey2009benchmark,
  author    = {Jason A. Poovey and
               Thomas M. Conte and
               Markus Levy and
               Shay Gal-On},
  title     = {A Benchmark Characterization of the {EEMBC} Benchmark Suite},
  journal   = {IEEE Micro},
  volume    = {29},
  number    = {5},
  year      = {2009},
  pages     = {18-29},
  ee        = {http://doi.ieeecomputersociety.org/10.1109/MM.2009.74},
  bibsource = {DBLP, http://dblp.uni-trier.de}
}

%%%%%%%GPUs for testing%%%%%%%%%%%%%%%%%%5
@inproceedings{Harman-GPU,
 author = {Yoo, Shin and Harman, Mark and Ur, Shmuel},
 title = {Highly Scalable Multi Objective Test Suite Minimisation Using Graphics Cards},
 booktitle = {SSBSE},
 year = {2011},
 location = {Szeged, Hungary},
 pages = {219--236},
 numpages = {18},
 isbn = {978-3-642-23715-7},
 url = {http://dl.acm.org/citation.cfm?id=2042243.2042271},
 acmid = {2042271},
 publisher = {Springer}
} 

@article{YH12b,
  author    = {Shin Yoo and Mark Harman},
  title     = {Regression testing minimization, selection and prioritization: a survey},
  journal   = {STVR},
  volume    = {22},
  number    = {2},
  year      = {2012},
  pages     = {67-120},
  ee        = {http://dx.doi.org/10.1002/stv.430},
}

@inproceedings{schroeder2000black,
  author    = {Patrick J. Schroeder and
               Bogdan Korel},
  title     = {Black-box test reduction using input-output analysis},
  booktitle = {ISSTA},
  year      = {2000},
  pages     = {173--177},
  publisher = {ACM},
  ee        = {http://doi.acm.org/10.1145/347324.349042},
  bibsource = {DBLP, http://dblp.uni-trier.de}
}

@article{yu2013parallel,
  title={Parallel Algorithm for Generation of Test Recommended Path using CUDA},
  author={Yu, Zhao and Cho, Jae-Han and Oh, Byoung-Woo and Lee, Lee-Sub},
  journal={International Journal of Engineering Science \& Technology},
  volume={5},
  number={2},
  year={2013}
}
%pages={111--125},
@incollection{li2013fine,
  title={A Fine-Grained Parallel Multi-objective Test Case Prioritization on GPU},
  author={Li, Zheng and Bian, Yi and Zhao, Ruilian and Cheng, Jun},
  booktitle={SSBSE},
  year={2013},
  publisher={Springer}
}
%and Betts, Adam and Chong, Nathan and Collingbourne, Peter and Deligiannis, Pantazis and Donaldson, Alastair F and Ketema, Jeroen and Liew, Daniel and Qadeer, Shaz},
@inproceedings{bardsley2014engineering,
  title={Engineering a static verification tool for GPU kernels},
  author={Bardsley {et al.}, Ethel},
  booktitle={Proceedings of CAV},
  year={2014}
}
%pages={435--445},
@inproceedings{inozemtseva2014coverage,
  title={Coverage is not strongly correlated with test suite effectiveness},
  author={Inozemtseva, Laura and Holmes, Reid},
  booktitle={Proceedings of the 36th ICSE},
  year={2014},
  organization={ACM}
}

%%%%%%%%%%%%GPU energy-efficiency%%%%%%%%%%%%%%%%%%%%%%%
% %pages = {1--8},
@inproceedings{Huang:2009:EEG:1586640.1587572,
 author = {Huang, S. and Xiao, S. and Feng, W.},
 title = {On the energy efficiency of graphics processing units for scientific computing},
 booktitle = {IPDPS},
 year = {2009},
 publisher = {IEEE}
} 

@article{scogland2010first,
  title={A first look at integrated {GPUs} for green high-performance computing},
  author={Scogland, T.R.W. and Lin, H. and Feng, W.},
  journal={Computer Science-Research and Development},
  volume={25},
  number={3},
  year={2010},
  publisher={Springer}
}

@inproceedings{stuart2011gpu,
  title={{GPU-to-CPU} Callbacks},
  author={Stuart, Jeff A and Cox, Michael and Owens, John D},
  booktitle={Euro-Par 2010 Parallel Processing Workshops},
  series    = {LNCS},
  volume    = {6586},
  year={2011},
  organization={Springer}
}

@inproceedings{Rossbach11,
 author = {Rossbach, Christopher J. and Currey, Jon and Silberstein, Mark and Ray, Baishakhi and Witchel, Emmett},
 title = {{PTask}: Operating System Abstractions to Manage {GPUs} As Compute Devices},
 booktitle = {Operating Systems Principles (SOSP) },
 year = {2011},
 publisher = {ACM},
 location = {Cascais, Portugal},
pages = {233--248},
 numpages = {16},
 acmid = {2043579},
 keywords = {GPGPU, GPUs, OS design, accelerators, dataflow, gestural interface, operating systems}
} 

@inproceedings{Rajan14:GPU,
  author    = {Ajitha Rajan and
               Subodh Sharma and
               Peter Schrammel and
               Daniel Kroening},
  title     = {Accelerated test execution using GPUs},
  booktitle = {{ACM/IEEE} ASE'14},
  year      = {2014},
pages     = {97--102}
}

@phdthesis{fadel2010techniques,
  title={Techniques for the abstraction of system call traces to facilitate the understanding of the behavioural aspects of the Linux kernel},
  author={Fadel, Waseem},
  year={2010},
  school={Concordia University}
}

@inproceedings{silberstein2013gpufs,
  title={GPUfs: integrating a file system with GPUs},
  author={Silberstein, Mark and Ford, Bryan and Keidar, Idit and Witchel, Emmett},
  booktitle={ACM SIGARCH Computer Architecture News},
   year={2013},
  volume={41},   
  number={1},
  pages={485--498},
  organization={ACM}
}

@article{steuwerFD15,
  author    = {Michel Steuwer and
               Christian Fensch and
               Christophe Dubach},
  title     = {Patterns and Rewrite Rules for Systematic Code Generation (From High-Level
               Functional Patterns to High-Performance OpenCL Code)},
  journal   = {CoRR},
  volume    = {abs/1502.02389},
  year      = {2015}
}

%%%%%%%%%%%%%%%%%%%%%%%%%%%%%%%%%%%%%
%%Test suite reduction: Effect on FF
%%%%%%%%%%%%%%%%%%%%%%%%%%%%%%%%%%%%%
%  %pages={435--445},
@inproceedings{inozemtseva2014coverage,
  title={Coverage is not strongly correlated with test suite effectiveness},
  author={Inozemtseva, Laura and Holmes, Reid},
  booktitle={Proceedings of the 36th International Conference on Software Engineering},
  year={2014},
  organization={ACM}
}
%pages={176--185},
@inproceedings{heimdahl2004test,
  title={Test-suite reduction for model based tests: Effects on test quality and implications for testing},
  author={Heimdahl, Mats PE and George, Devaraj},
  booktitle={Proceedings of the 19th IEEE international conference on Automated software engineering},
  year={2004},
  organization={IEEE Computer Society}
}
%pages={61--72},
@inproceedings{harrold2000testing,
  title={Testing: a roadmap},
  author={Harrold, Mary Jean},
  booktitle={Proceedings of the Conference on the Future of Software Engineering},
  year={2000},
  organization={ACM}
}

%%%%%%%%%%%%%%%%%%%%%%%%%%%%%%%%%%%%%%%%%
%%%Test Driven Development (TDD)
%%%%%%%%%%%%%%%%%%%%%%%%%%%%%%%%%%%%%%%%

@article{nagappan2008realizing,
  title={Realizing quality improvement through test driven development: results and experiences of four industrial teams},
  author={Nagappan, Nachiappan and Maximilien, Michael and Bhat, Thirumalesh and Williams, Laurie},
  journal={Empirical Software Engineering},
  volume={13},
  number={3},
  year={2008},
  publisher={Springer}
}
%pages={564--569},
@inproceedings{maximilien2003assessing,
  title={Assessing test-driven development at IBM},
  author={Maximilien, E Michael and Williams, Laurie},
  booktitle={Proceedings. 25th ICSE},
  year={2003},
  organization={IEEE}
}

@book{beck2003test,
  title={Test-driven development: by example},
  author={Beck, Kent},
  year={2003},
  publisher={Addison-Wesley Professional}
}

@book{young2008software,
  title={Software testing and analysis: process, principles, and techniques},
  author={Young, Michal},
  year={2008},
  publisher={John Wiley \& Sons}
}

@inproceedings{bertolino2007software,
  title={Software testing research: Achievements, challenges, dreams},
  author={Bertolino, Antonia},
  booktitle={Future of Software Engineering},
  pages={85--103},
  year={2007},
  organization={IEEE Computer Society}
}

@misc{kushneryk2012parallel,
  title={Parallel test execution},
  author={Kushneryk, Colin JW and Barnett, Paul D},
  year={2012},
  publisher={Google Patents},
  note={US Patent App. 12/911,739}
}

@inproceedings{herzig2015art,
  title={The art of testing less without sacrificing quality},
  author={Herzig, Kim and others},
  booktitle={Proceedings of the 37th ICSE},
  pages={483--493},
  year={2015},
  organization={IEEE Press}
}
@book{smart2011jenkins,
  title={Jenkins: The Definitive Guide: Continuous Integration for the Masses},
  author={Smart, John Ferguson},
  year={2011}
}

@inproceedings{mcintosh2010evolution,
  title={The evolution of ANT build systems},
  author={McIntosh, Shane and others},
  booktitle={7th IEEE Mining Software Repositories (MSR)},
  pages={42--51},
  year={2010}
}

@article{kumar2010development,
  title={Development at the speed and scale of google},
  author={Kumar, Ashish},
  journal={QCon},
  year={2010}
}
@article{toyota2014,
  title={A case study of Toyota unintended acceleration and software safety},
  author={Koopman, Phil},
  journal={Presentation. Sept},
  year={2014}
}
@misc{EU-ICTValue2013,
title={Europe's digital progress report 2016},
author={EU Commission Staff},
year = {2016}
}
%howpublished = {\url{https://ec.europa.eu/transparency/regdoc/rep/10102/2016/EN/SWD-2016-187-F1-EN-MAIN-PART-3.PDF}},
@misc{Rouhana2016,
title={Digitising European Industry},
author={Khalil Rouhana},
booktitle = {Industrial Technologies - presentation},
year = {2016}
}
howpublished = {{https://www.industrialtechnologies2016.eu/documents/toespraken/2016/06/22/presentation-khalil-rouhana}},

@inproceedings{podgurski2003automated,
  title={Automated support for classifying software failure reports},
  author={Podgurski, Andy and others},
  booktitle={Proceedings of 25th ICSE 2003.},
  pages={465--475},
  year={2003},
  organization={IEEE}
}

@inproceedings{bowring2004active,
  title={Active learning for automatic classification of software behavior},
  author={Bowring, James and others},
  booktitle={ACM SIGSOFT Software Engineering Notes},
  pages={195--205},
  year={2004}
}
% volume={29},
%  number={4},
%%%%%%%%%%%%%%%%%%Surveys, Oracles%%%%%%%%%%%%%%
@article{gay2015automated,
  title={Automated oracle data selection support},
  author={Gay, Gregory and others},
  journal={IEEE TSE},
  volume={41},
  number={11},
  pages={1119--1137},
  year={2015},
  publisher={IEEE}
}
@inproceedings{staats2011programs,
  title={Programs, tests, and oracles: the foundations of testing revisited},
  author={Staats, Matt and others},
  booktitle={Proceedings of the 33rd ICSE},
  pages={391--400},
  year={2011},
  organization={ACM}
}

@article{chen2013orchestrated,
  title={An orchestrated survey on automated software test case generation},
  author={Chen, TY and others},
  journal={Journal of Systems and Software},
  year={2013}
}

@article{barr2015oracle,
  title={The oracle problem in software testing: A survey},
  author={Barr, Earl and others},
  journal={IEEE TSE},
  volume={41},
  number={5},
  pages={507--525},
  year={2015},
  publisher={IEEE}
}
@article{harman2013comprehensive,
  title={A comprehensive survey of trends in oracles for software testing},
  author={Harman, Mark and McMinn, Phil and Shahbaz, Muzammil and Yoo, Shin},
  journal={University of Sheffield, Department of Computer Science, Tech. Rep. CS-13-01},
  year={2013}
}

@article{nardi2015survey,
  title={A survey on test oracles},
  author={Nardi, Paulo Augusto and Damasceno, Eduardo},
 journal = {Advances in Theoretical and Applied Informatics},
 volume = {1},
 number = {2},
 pages = {50-59},
 year={2015}
}

@article{chen2015continuous,
  title={Continuous delivery: Huge benefits, but challenges too},
  author={Chen, Lianping},
  journal={IEEE Software},
  volume={32},
  number={2},
  pages={50--54},
  year={2015},
  publisher={IEEE}
}

@book{humble2010continuous,
  title={Continuous Delivery: Reliable Software Releases through Build, Test, and Deployment Automation},
  author={Humble, Jez and Farley, David},
  year={2010},
  publisher={Pearson Education}
}

@misc{ContTesting2014, 
title={Testing in a Conitnuous Delvery World},
author={Rob Marvin},
booktitle={SD Times June 2014},
year = {2014}
}

@book{meszaros2007xunit,
  title={xUnit test patterns: Refactoring test code},
  author={Meszaros, Gerard},
  year={2007},
  publisher={Pearson Education}
}

@misc{GoogleTest,
title={https://github.com/google/googletest}, 
booktitle={Google Test}, 
author = {Google},
year = {2016}
}

@misc{Gtest-parallel, 
title = {https://github.com/google/gtest-parallel},
author = {Gtest-parallel},
year = {2016}
}

@book{percival2014test,
  title={Test-Driven Development with Python: Obey the Testing Goat: Using Django, Selenium, and JavaScript},
  author={Percival, Harry},
  year={2014},
  publisher={" O'Reilly Media, Inc."}
}
@inproceedings{langdon2017inferring,
  title={Inferring automatic test oracles},
  author={Langdon, William and others},
  booktitle={Proceedings of the 10th SBST},
  pages={5--6},
  year={2017}
}

@article{almaghairbe2017separating,
  title={Separating passing and failing test executions by clustering anomalies},
  author={Almaghairbe, Rafig and Roper, Marc},
  journal={Software Quality Journal},
  volume={25},
  number={3},
  pages={803--840},
  year={2017},
  publisher={Springer}
}

@inproceedings{richardson1992specification,
  title={Specification-based test oracles for reactive systems},
  author={Richardson, Debra J and Aha, Stephanie Leif and O'malley, T Owen},
  booktitle={Proceedings of the 14th international conference on Software engineering},
  pages={105--118},
  year={1992},
  organization={ACM}
}

@article{hierons2012oracles,
  title={Oracles for distributed testing},
  author={Hierons, Robert M},
  journal={IEEE TSE},
  volume={38},
  number={3},
  pages={629--641},
  year={2012},
  publisher={IEEE}
}

@article{hierons2009verdict,
  title={Verdict functions in testing with a fault domain or test hypotheses},
  author={Hierons, Robert M},
  journal={ACM TOSEM},
  volume={18},
  number={4},
  pages={14},
  year={2009}
}

@inproceedings{mcminn2010reducing,
  title={Reducing qualitative human oracle costs associated with automatically generated test data},
  author={McMinn, Phil and Stevenson, Mark and Harman, Mark},
  booktitle={Proceedings of the First International Workshop on Software Test Output Validation},
  pages={1--4},
  year={2010},
  organization={ACM}
}

@inproceedings{staats2012automated,
  title={Automated oracle creation support, or: how I learned to stop worrying about fault propagation and love mutation testing},
  author={Staats, Matt and Gay, Gregory and Heimdahl, Mats PE},
  booktitle={Proceedings of the 34th ICSE},
  pages={870--880},
  year={2012},
  organization={IEEE Press}
}

@inproceedings{coppit2005use,
  title={On the use of specification-based assertions as test oracles},
  author={Coppit, David and Haddox-Schatz, Jennifer M},
  booktitle={Software Engineering Workshop, 2005. 29th Annual IEEE/NASA},
  pages={305--314},
  year={2005},
  organization={IEEE}
}

@article{briand2004assessing,
  title={Assessing and improving state-based class testing: A series of experiments},
  author={Briand, Lionel C and Di Penta, Massimiliano and Labiche, Yvan},
  journal={IEEE Transactions on Software Engineering},
  volume={30},
  number={11},
  pages={770--783},
  year={2004},
  publisher={IEEE}
}

@inproceedings{briand2008novel,
  title={Novel applications of machine learning in software testing},
  author={Briand, Lionel C},
  booktitle={QSIC'08},
  pages={3--10},
  year={2008},
  organization={IEEE}
}

@inproceedings{staats2011better,
  title={Better testing through oracle selection (NIER track)},
  author={Staats, Matt and Whalen, Michael W and Heimdahl, Mats PE},
  booktitle={Proceedings of the 33rd International Conference on Software Engineering},
  pages={892--895},
  year={2011},
  organization={ACM}
}

@article{xie2007designing,
  title={Designing and comparing automated test oracles for GUI-based software applications},
  author={Xie, Qing and Memon, Atif M},
  journal={ACM Transactions on Software Engineering and Methodology (TOSEM)},
  volume={16},
  number={1},
  pages={4},
  year={2007},
  publisher={ACM}
}

@article{jia2011analysis,
  title={An analysis and survey of the development of mutation testing},
  author={Jia, Yue and Harman, Mark},
  journal={IEEE transactions on software engineering},
  volume={37},
  number={5},
  pages={649--678},
  year={2011}
}

@inproceedings{just2014mutants,
  title={Are mutants a valid substitute for real faults in software testing?},
  author={Just, Ren{\'e} and others},
  booktitle={Proceedings of the 22nd ACM SIGSOFT FSE},
  pages={654--665},
  year={2014}
}

@inproceedings{gay2014improving,
  title={Improving the accuracy of oracle verdicts through automated model steering},
  author={Gay, Gregory and others},
  booktitle={Proceedings of the 29th ACM/IEEE ASE},
  pages={527--538},
  year={2014}
}

@book{spivey1992z,
  title={The Z notation},
  author={Spivey, J Michael and Abrial, JR},
  year={1992},
  publisher={Prentice Hall Hemel Hempstead}
}

@book{fitzgerald2009modelling,
  title={Modelling systems: practical tools and techniques in software development},
  author={Fitzgerald, John and Larsen, Peter Gorm},
  year={2009},
  publisher={Cambridge University Press}
}

@inproceedings{rajan2007model,
  title={Model validation using automatically generated requirements-based tests},
  author={Rajan, Ajitha and Whalen, Michael W and Heimdahl, Mats PE},
  booktitle={HASE'07. 10th IEEE},
  pages={95--104},
  year={2007},
  organization={IEEE}
}

@inproceedings{zhou2004metamorphic,
  title={Metamorphic testing and its applications},
  author={Zhou, Zhi Quan and Huang, DH and Tse, TH and Yang, Zongyuan and Huang, Haitao and Chen, TY},
  booktitle={Proceedings of the 8th International Symposium on Future Software Technology (ISFST 2004)},
  pages={346--351},
  year={2004}
}

@article{prowell2003foundations,
  title={Foundations of sequence-based software specification},
  author={Prowell, Stacy J. and Poore, Jesse H.},
  journal={IEEE transactions on Software Engineering},
  volume={29},
  number={5},
  pages={417--429},
  year={2003},
  publisher={IEEE}
}

@article{avizienis1985n,
  title={The N-version approach to fault-tolerant software},
  author={Avizienis, Algirdas},
  journal={IEEE Transactions on software engineering},
  number={12},
  pages={1491--1501},
  year={1985},
  publisher={IEEE}
}

@article{lee1996principles,
  title={Principles and methods of testing finite state machines-a survey},
  author={Lee, David and Yannakakis, Mihalis},
  journal={Proceedings of the IEEE},
  volume={84},
  number={8},
  pages={1090--1123},
  year={1996},
  publisher={IEEE}
}

@inproceedings{fraser2011evosuite,
  title={Evosuite: automatic test suite generation for object-oriented software},
  author={Fraser, Gordon and Arcuri, Andrea},
  booktitle={Proceedings of the 19th ACM SIGSOFT symposium and the 13th European conference on Foundations of software engineering},
  pages={416--419},
  year={2011},
  organization={ACM}
}

@inproceedings{pacheco2007randoop,
  title={Randoop: feedback-directed random testing for Java},
  author={Pacheco, Carlos and Ernst, Michael D},
  booktitle={Companion to the 22nd ACM SIGPLAN conference on Object-oriented programming systems and applications companion},
  pages={815--816},
  year={2007},
  organization={ACM}
}

@inproceedings{kim2002history,
  title={A history-based test prioritization technique for regression testing in resource constrained environments},
  author={Kim, Jung-Min and Porter, Adam},
  booktitle={Proceedings of the 24th international conference on software engineering},
  pages={119--129},
  year={2002},
  organization={ACM}
}

@inproceedings{elbaum2014techniques,
  title={Techniques for improving regression testing in continuous integration development environments},
  author={Elbaum, Sebastian and Rothermel, Gregg and Penix, John},
  booktitle={Proceedings of the 22nd ACM SIGSOFT International Symposium on Foundations of Software Engineering},
  pages={235--245},
  year={2014},
  organization={ACM}
}

@inproceedings{luk2005pin,
  title={Pin: building customized program analysis tools with dynamic instrumentation},
  author={Luk, Chi-Keung and others},
  booktitle={ACM Sigplan Notices},
  volume={40},
  number={6},
  pages={190--200},
  year={2005}
}

@book{ammann2016introduction,
  title={Introduction to software testing},
  author={Ammann, Paul and Offutt, Jeff},
  year={2016},
  publisher={Cambridge Univ. Press}
}

@article{ernst2007daikon,
  title={The Daikon system for dynamic detection of likely invariants},
  author={Ernst, Michael D and Perkins, Jeff H and Guo, Philip J and McCamant, Stephen and Pacheco, Carlos and Tschantz, Matthew S and Xiao, Chen},
  journal={Science of Computer Programming},
  volume={69},
  number={1},
  pages={35--45},
  year={2007},
  publisher={Elsevier}
}

@inproceedings{brun04finding,
    Author = {Brun, Yuriy and Ernst, Michael D},
    Booktitle = {Proceedings of the 26th ICSE},
    Date-Added = {2013-03-12 16:05:08 +0000},
    Date-Modified = {2016-01-31 18:14:07 +0000},
    Keywords = {appguarden, to_read, mast},
    Pages = {480--490},
    Title = {Finding latent code errors via machine learning over program executions},
    Year = {2004}
}

@inproceedings{engler01bugs,
    Author = {Engler, Dawson and others},
    Booktitle = {SOSP},
    Pages = {57--72},
    Title = {Bugs as deviant behavior: a general approach to inferring errors in systems code},
    Year = {2001}
} 

@inproceedings{spieker2017reinforcement,
  title={Reinforcement learning for automatic test case prioritization and selection in continuous integration},
  author={Spieker, Helge and Gotlieb, Arnaud and Marijan, Dusica and Mossige, Morten},
  booktitle={Proceedings of the 26th ACM SIGSOFT International Symposium on Software Testing and Analysis},
  pages={12--22},
  year={2017},
  organization={ACM}
}

@inproceedings{busjaeger2016learning,
  title={Learning for test prioritization: an industrial case study},
  author={Busjaeger, Benjamin and Xie, Tao},
  booktitle={Proceedings of the 2016 24th ACM SIGSOFT International Symposium on Foundations of Software Engineering},
  pages={975--980},
  year={2016},
  organization={ACM}
}
@article{anand2013orchestrated,
  title={An orchestrated survey of methodologies for automated software test case generation},
  author={Anand, Saswat and others},
  journal={Journal of Systems and Software},
  volume={86},
  number={8},
  pages={1978--2001},
  year={2013},
  publisher={Elsevier}
}
%%%%%%%%%%%%%%%%%%%%Neural Networks and Deep Learning%%%%%%%%%%%%%
@book{sutton1998reinforcement,
  title={Reinforcement learning: An introduction},
  author={Sutton, Richard S and Barto, Andrew G},
  volume={1},
  number={1},
  year={1998},
  publisher={MIT press Cambridge}
}

@article{lecun2015deep,
  title={Deep learning},
  author={LeCun, Yann and others},
  journal={Nature},
  volume={521},
  number={7553},
  pages={436--444},
  year={2015},
  publisher={Nature Research}
}

@article{chung2014empirical,
  title={Empirical evaluation of gated recurrent neural networks on sequence modeling},
  author={Chung, Junyoung and Gulcehre, Caglar and Cho, KyungHyun and Bengio, Yoshua},
  journal={arXiv preprint arXiv:1412.3555},
  year={2014}
}

@article{cho2014properties,
  title={On the properties of neural machine translation: Encoder-decoder approaches},
  author={Cho, Kyunghyun and Van Merri{\"e}nboer, Bart and Bahdanau, Dzmitry and Bengio, Yoshua},
  journal={arXiv preprint arXiv:1409.1259},
  year={2014}
}

@inproceedings{Cummins2017,
title = {End-to-end Deep Learning of Optimization Heuristics},
author = {Cummins, Chris and Petoumenos, Pavlos and Wang, Zheng and Leather, Hugh},
booktitle = {International Conference on Parallel Architectures and Compilation Techniques (PACT 2017)},
year = {2017}
}

@article{pan2010survey,
  title={A survey on transfer learning},
  author={Pan, Sinno Jialin and Yang, Qiang},
  journal={IEEE Transactions on knowledge and data engineering},
  volume={22},
  number={10},
  pages={1345--1359},
  year={2010},
  publisher={IEEE}
}

@techreport{rumelhart1985learning,
  title={Learning internal representations by error propagation},
  author={Rumelhart, David E and Hinton, Geoffrey E and Williams, Ronald J},
  year={1985}
}

@inproceedings{zeiler2014visualizing,
  title={Visualizing and understanding convolutional networks},
  author={Zeiler, Matthew D and Fergus, Rob},
  booktitle={European conference on computer vision},
  pages={818--833},
  year={2014},
  organization={Springer}
}

@article{lipton2015critical,
  title={A critical review of recurrent neural networks for sequence learning},
  author={Lipton, Zachary C and Berkowitz, John and Elkan, Charles},
  journal={arXiv preprint arXiv:1506.00019},
  year={2015}
}

@article{rakotomamonjy2003variable,
  title={Variable selection using SVM-based criteria},
  author={Rakotomamonjy, Alain},
  journal={Journal of machine learning research},
  volume={3},
  number={Mar},
  pages={1357--1370},
  year={2003}
}

@book{murphy2012machine,
  title={Machine learning: a probabilistic perspective},
  author={Murphy, Kevin P},
  year={2012},
  publisher={MIT press}
}

@article{LIU201711,
title = {A survey of deep neural network architectures and their applications},
  author={Liu, Weibo and others},
  journal={Neurocomputing},
  volume={234},
  pages={11--26},
  year={2017},
  publisher={Elsevier}
}

@article{deng2014tutorial,
  title={A tutorial survey of architectures, algorithms, and applications for deep learning},
  author={Deng, Li},
  journal={APSIPA Transactions on Signal and Information Processing},
  volume={3},
  year={2014},
  publisher={Cambridge University Press}
}

@article{najafabadi2015deep,
  title={Deep learning applications and challenges in big data analytics},
  author={Najafabadi, Maryam  and others},
  journal={Journal of Big Data},
  volume={2},
  number={1},
  pages={1},
  year={2015}
}

@article{hinton2006fast,
  title={A fast learning algorithm for deep belief nets},
  author={Hinton, Geoffrey and others},
  journal={Neural computation},
  volume={18},
  number={7},
  pages={1527--1554},
  year={2006},
  publisher={MIT Press}
}

@article{hinton2006reducing,
  title={Reducing the dimensionality of data with neural networks},
  author={Hinton, Geoffrey E and Salakhutdinov, Ruslan R},
  journal={science},
  volume={313},
  number={5786},
  pages={504--507},
  year={2006},
  publisher={American Association for the Advancement of Science}
}

@article{vanmali2002using,
  title={Using a neural network in the software testing process},
  author={Vanmali, Meenakshi and others},
  journal={International Journal of Intelligent Systems},
  volume={17},
  number={1},
  pages={45--62},
  year={2002}
}

@article{aggarwal2004neural,
  title={A neural net based approach to test oracle},
  author={Aggarwal and others},
  journal={ACM SIGSOFT Software Engineering Notes},
  volume={29},
  number={3},
  pages={1--6},
  year={2004},
  publisher={ACM}
}

@inproceedings{jin2008artificial,
  title={Artificial neural network for automatic test oracles generation},
  author={Jin, Hu and others},
  booktitle={Proceedings of CSSE},
  volume={2},
  pages={727--730},
  year={2008},
  organization={IEEE}
}

@article{sarikaya2014application,
  title={Application of deep belief networks for natural language understanding},
  author={Sarikaya, Ruhi and others},
  journal={IEEE/ACM TASLP},
  volume={22},
  number={4},
  pages={778--784},
  year={2014}
}

@article{bengio2009learning,
  title={Learning deep architectures for AI},
  author={Bengio, Yoshua and others},
  journal={Foundations and trends in Machine Learning},
  volume={2},
  number={1},
  pages={1--127},
  year={2009},
  publisher={Now Publishers, Inc.}
}

@inproceedings{glorot2010understanding,
  title={Understanding the difficulty of training deep feedforward neural networks},
  author={Glorot, Xavier and Bengio, Yoshua},
  booktitle={Proceedings of the Thirteenth International Conference on Artificial Intelligence and Statistics},
  pages={249--256},
  year={2010}
}

@article{hochreiter1997long,
  title={Long short-term memory},
  author={Hochreiter, Sepp and Schmidhuber, J{\"u}rgen},
  journal={Neural computation},
  volume={9},
  number={8},
  pages={1735--1780},
  year={1997},
  publisher={MIT Press}
}

@article{zhang2014learning,
  title={Learning ensemble classifiers via restricted Boltzmann machines},
  author={Zhang, Chun-Xia and Zhang, Jiang-She and Ji, Nan-Nan and Guo, Gao},
  journal={Pattern Recognition Letters},
  volume={36},
  pages={161--170},
  year={2014},
  publisher={Elsevier}
}


@inproceedings{liwicki2007novel,
  title={A novel approach to on-line handwriting recognition based on bidirectional long short-term memory networks},
  author={Liwicki, Marcus and Graves, Alex and Bunke, Horst and Schmidhuber, J{\"u}rgen},
  booktitle={Proc. 9th Int. Conf. on Document Analysis and Recognition},
  volume={1},
  pages={367--371},
  year={2007}
}

@inproceedings{sak2014long,
  title={Long short-term memory recurrent neural network architectures for large scale acoustic modeling},
  author={Sak, Ha{\c{s}}im and Senior, Andrew and Beaufays, Fran{\c{c}}oise},
  booktitle={Fifteenth Annual Conference of the International Speech Communication Association},
  year={2014}
}

@inproceedings{ng2002discriminative,
  title={On discriminative vs. generative classifiers: A comparison of logistic regression and naive bayes},
  author={Ng, Andrew Y and Jordan, Michael I},
  booktitle={Advances in neural information processing systems},
  pages={841--848},
  year={2002}
}


@article{bengio2009learning,
  title={Learning deep architectures for AI},
  author={Bengio, Yoshua and others},
  journal={Foundations and trends{\textregistered} in Machine Learning},
  volume={2},
  number={1},
  pages={1--127},
  year={2009},
  publisher={Now Publishers, Inc.}
}

@inproceedings{raina2009large,
  title={Large-scale deep unsupervised learning using graphics processors},
  author={Raina, Rajat and Madhavan, Anand and Ng, Andrew Y},
  booktitle={Proceedings of the 26th annual international conference on machine learning},
  pages={873--880},
  year={2009},
  organization={ACM}
}

@inproceedings{rajan2016study,
  title={A Study on the Influence of Software and Hardware Features on Program Energy},
  author={Rajan, Ajitha and Noureddine, Adel and Stratis, Panagiotis},
  booktitle={Proceedings of the 10th ACM/IEEE ESEM},
  pages={37},
  year={2016},
  organization={ACM}
}

@book{orr2003neural,
  title={Neural networks: tricks of the trade},
  author={Orr, Genevieve B and M{\"u}ller, Klaus-Robert},
  year={2003},
  publisher={Springer}
}

@book{du2013neural,
  title={Neural networks and statistical learning},
  author={Du, Ke-Lin and Swamy, Madisetti},
  year={2013},
  publisher={Springer Science \& Business Media}
}

@inproceedings{abadi2016tensorflow,
  title={TensorFlow: A System for Large-Scale Machine Learning.},
  author={Abadi, Mart{\'\i}n and Barham, Paul and Chen, Jianmin and Chen, Zhifeng and Davis, Andy and Dean, Jeffrey and Devin, Matthieu and Ghemawat, Sanjay and Irving, Geoffrey and Isard, Michael and others},
  booktitle={OSDI},
  volume={16},
  pages={265--283},
  year={2016}
}

@misc{pytorch,
title={PyTorch},
author={Paszke, Adam and Chintala, Soumith},
  year={2017},
  url= {"http://pytorch.org/"}
}

@inproceedings{steinbach2002neural,
  title={Neural Networks--A Model of Boolean Functions},
  author={Steinbach, Bernd and Kohut, Roman},
  booktitle={Boolean Problems, Proceedings of the 5th International Workshop on Boolean Problems},
  pages={223--240},
  year={2002}
}

@inproceedings{pascanu2013difficulty,
  title={On the difficulty of training recurrent neural networks},
  author={Pascanu, Razvan and Mikolov, Tomas and Bengio, Yoshua},
  booktitle={International Conference on Machine Learning},
  pages={1310--1318},
  year={2013}
}

@inproceedings{AdamOptimizer,
  title={Adam: A Method for Stochastic Optimization},
  author={Kingma, Diederik P. and Ba, Jimmy},
  booktitle={3rd International Conference for Learning Representations},
  year={2015}
}


%%%%%%%%%%%%%Benchmarks%%%%%%%%%%%%%%%%
@techreport{parboil,
     title = {{Parboil: A Revised Benchmark Suite for Scientific and Commercial Throughput Computing}},
     author = {Stratton, J. and Rodrigues, C. and Sung, I. and Obeid, N. and Chang, V. and Anssari, N. and Liu, G. and Hwu, W.},
     year = {2012},
     institution = {IMPACT Technical Report, IMPACT-12-01, University of Illinois, at Urbana-Champaign},
     month = {03}
}

@article{siegel2011fevs,
  title={FEVS: A functional equivalence verification suite for high-performance scientific computing},
  author={Siegel, Stephen F and Zirkel, Timothy K},
  journal={Mathematics in Computer Science},
  volume={5},
  number={4},
  pages={427--435},
  year={2011},
  publisher={Springer}
}

@article{gopalakrishnandealing,
  title={Dealing with MPI Bugs at Scale: Best Practices, Automatic Detection, Debugging, and Formal Verification},
  author={Gopalakrishnan, Ganesh and de Supinski, Bronis R and Lecomber, David and Software, Allinea},
  year = {2011}
}

@misc{drake,
 author = {Russ Tedrake and the Drake Development Team},
 title = {Drake: A planning, control, and analysis toolbox for nonlinear dynamical systems},
 year = {2016},
}
% howpublished = {\url{http://drake.mit.edu}}

@Misc{BugTracker,
title= {Linux Kernel Bug Tracking System},
author = {Linux},
howpublished = {\url{https://bugzilla.kernel.org/}},
year ={2000}
}

@misc{valkyrie, 
title = {Edinburgh's NASA Valkyrie Robot},
author = {NASA},
year = {2016},
howpublished = {\url{http://valkyrie.inf.ed.ac.uk/}}
}

@misc{oscc,
title ={Open Source Car Control Project },
author = {OSCC},
howpublished = {\url{"http://oscc.io/"}},
year = {2017}

}

@inproceedings{yoo2009measuring,
  title={Measuring and improving latency to avoid test suite wear out},
  author={Yoo, Shin and Harman, Mark and Ur, Shmuel},
  booktitle={Software Testing, Verification and Validation Workshops, 2009. ICSTW'09. International Conference on},
  pages={101--110},
  year={2009},
  organization={IEEE}
}

@inproceedings{ICSE12,
    author    = {Gordon Fraser and Andrea Arcuri},
    TITLE= {Sound Empirical Evidence in Software Testing},
    YEAR={2012},
    pages     = {178--188},
    ee        = {http://dx.doi.org/10.1109/ICSE.2012.6227195},
    booktitle     = {34th International Conference on Software Engineering, ICSE 2012, June 2-9, 2012, Zurich, Switzerland},
    publisher = {IEEE},
  isbn      = {978-1-4673-1067-3},
}

@misc{promiserepo,
  author =  {Menzies, T., Krishna, R., Pryor, D.},
  year = {2015},
  title = {The Promise Repository of
                  Empirical Software Engineering
                  Data}
}

@article{sir,
  title={Supporting controlled experimentation with testing techniques: An infrastructure and its potential impact},
  author={Do, Hyunsook and Elbaum, Sebastian and Rothermel, Gregg},
  journal={Empirical Software Engineering},
  volume={10},
  number={4},
  pages={405--435},
  year={2005},
  publisher={Springer}
}

@misc{gamma2006junit,
  title={JUnit},
  author={Gamma, Erich and Beck, Kent},
  year={2006}
}

@misc{fitnesse,
author = {FitNesse}, 
title = {"http://fitnesse.org/"},
year = {2016}
}
%%%%%%%%%%%%%%%%%My Papers%%%%%%%%%%%%%%%%%%%%%
@inproceedings{bryce2006interaction,
  title={Interaction testing in model-based development: Effect on model-coverage},
  author={Bryce, Renee C and Rajan, Ajitha and Heimdahl, Mats PE},
  booktitle={13th APSEC 2006},
  pages={259--268},
  year={2006},
  organization={IEEE}
}

@inproceedings{rajan2007model,
  title={Model validation using automatically generated requirements-based tests},
  author={Rajan, Ajitha and Whalen, Michael W and Heimdahl, Mats PE},
  booktitle={HASE'07. 10th IEEE},
  pages={95--104},
  year={2007},
  organization={IEEE}
}

@article{rajan2006automated,
  title={Automated requirements-based test case generation},
  author={Rajan, Ajitha},
  journal={ACM SIGSOFT Software Engineering Notes},
  volume={31},
  number={6},
  pages={1--2},
  year={2006},
  publisher={ACM}
}

@inproceedings{whalen2006coverage,
  title={Coverage metrics for requirements-based testing},
  author={Whalen, Michael W and Rajan, Ajitha and Heimdahl, Mats PE and Miller, Steven P},
  booktitle={Proceedings of the 2006 ISSTA},
  pages={25--36},
  year={2006},
  organization={ACM}
}

@article{rajan2008requirements,
  title={Requirements coverage as an adequacy measure for conformance testing},
  author={Rajan, Ajitha and Whalen, Michael and Staats, Matt and Heimdahl, Mats},
  journal={Formal Methods and Software Engineering},
  pages={86--104},
  year={2008},
  publisher={Springer}
}

@inproceedings{rajan2010assertion,
  title={Assertion-based test oracles for home automation systems},
  author={Rajan, Ajitha and Du Bousquet, Lydie and Ledru, Yves and Vega, German and Richier, Jean-Luc},
  booktitle={Proceedings of the 7th International MOMPES Workshop},
  pages={45--52},
  year={2010},
  organization={ACM}
}

@inproceedings{yaneva2017compiler,
  title={Compiler-assisted test acceleration on GPUs for embedded software},
  author={Yaneva, Vanya and Rajan, Ajitha and Dubach, Christophe},
  booktitle={Proceedings of the 26th ACM SIGSOFT ISSTA},
  pages={35--45},
  year={2017},
  organization={ACM}
}

@inproceedings{stratis2016test,
  title={Test case permutation to improve execution time},
  author={Stratis, Panagiotis and Rajan, Ajitha},
  booktitle={31st IEEE/ACM ASE},
  pages={45--50},
  year={2016},
  organization={IEEE}
}

@article{gay2016effect,
  title={The effect of program and model structure on the effectiveness of MC/DC test adequacy coverage},
  author={Gay, Gregory and Rajan, Ajitha and Staats, Matt and Whalen, Michael and Heimdahl, Mats PE},
  journal={ACM TOSEM journal},
  volume={25},
  number={3},
  pages={25},
  year={2016},
  publisher={ACM}
}

@inproceedings{heimdahl2008mc,
  title={On MC/DC and implementation structure: An empirical study},
  author={Heimdahl, Mats PE and Whalen, Michael W and Rajan, Ajitha and Staats, Matt},
  booktitle={DASC 2008. IEEE/AIAA 27th},
  pages={5--B},
  year={2008},
  organization={IEEE}
}

@inproceedings{rajan2008effect,
  title={The effect of program and model structure on MC/DC test adequacy coverage},
  author={Rajan, Ajitha and Whalen, Michael and Heimdahl, Mats},
  booktitle={ACM/IEEE 30th ICSE},
  pages={161--170},
  year={2008},
  organization={IEEE}
}

@inproceedings{noureddine2015optimising,
  title={Optimising energy consumption of design patterns},
  author={Noureddine, Adel and Rajan, Ajitha},
  booktitle={Proceedings of the 37th ICSE},
  pages={623--626},
  year={2015},
  organization={IEEE Press}
}

@book{rajan2013cesar,
  title={CESAR: Cost-efficient Methods and Processes for Safety-relevant Embedded Systems},
  author={Rajan, Ajitha and Wahl, Thomas},
  number={978-3709113868},
  year={2013},
  publisher={Springer}
}

@article{ebert2009embedded,
  title={Embedded software: Facts, figures, and future},
  author={Ebert, Christof and Jones, Capers},
  journal={Computer},
  volume={42},
  number={4},
  year={2009},
  publisher={IEEE}
}

@article{stratis2018speeding,
  title={Speeding up test execution with increased cache locality},
  author={Stratis, Panagiotis and Rajan, Ajitha},
  journal={Software Testing, Verification and Reliability},
  volume={28},
  number={5},
  pages={e1671},
  year={2018},
  publisher={Wiley Online Library}
}
%%%%%%%%%%%%%%%%%%%%%%%%%%%%%%%%%%% Charles Publications %%%%%%%%%%%%%%%%%%%%%%%%%%%%%%%%%%%%%%%%%%%%%%%%%

@inproceedings{allamanis13mining,
    Author = {Miltos Allamanis and Charles Sutton},
    Booktitle = {Working Conference on Mining Software Repositories (MSR)},
    Title = {Mining Source Code Repositories at Massive Scale using Language Modeling},
    Year = {2013}}

@inproceedings{allamanis13why-when,
    Author = {Miltos Allamanis and Charles Sutton},
    Booktitle = {Working Conference on Mining Software Repositories (MSR)},
    Title = {Why, When, and What: Analyzing Stack Overflow Questions by Topic, Type, and Code},
    Year = {2013}}

@inproceedings{allamanis16convattn,
    Author = {Allamanis, Miltiadis and {Peng}, Hao and Charles Sutton},
    Booktitle = {ICML},
    Title = {{A Convolutional Attention Network for Extreme Summarization of Source Code}},
    Year = 2016}

@inproceedings{allamanis2018learning,
  title={Learning to represent programs with graphs},
  author={Allamanis, Miltiadis and Brockschmidt, Marc and Khademi, Mahmoud},
  booktitle={ICLR},
  year={2018}
}


@inproceedings{fowkes16tassal,
    Author = {Jaroslav Fowkes and Pankajan Chanthirasegaran and Razvan Ranca and Miltiadis Allamanis and Mirella Lapata and Charles Sutton},
    Booktitle = {ICSE},
    Title = {{TASSAL:} {Autofolding} for Source Code Summarization},
    Year = {2016}}

@article{fowkes17,
    Author = {Jaroslav Fowkes and Razvan Ranca and Miltiadis Allamanis and Mirella Lapata and Charles Sutton},
    Journal = {IEEE TSE},
    Month = {December},
    Number = {12},
    Pages = {1095--1109},
    Title = {Autofolding for Source Code Summarization},
    Volume = {43},
    Year = {2017}}

@article{bae99,
    Author = {Kim, Young Gon and Hong, Hyoung Seok and Bae, Doo-Hwan and Cha, Sung Deok},
    Journal = {IEE Proceedings-Software},
    Month = {August},
    Number = {1},
    Pages = {187--192},
    Title = {Test cases generation from UML state diagrams},
    Volume = {146},
    Year = {1999}
}

@article{Chung2009GeneratingID,
  title={Generating input data structures for automated program testing},
  author={Insang Chung and James M. Bieman},
  journal={Software Testing, Verification and Reliability},
  year={2009},
  volume={19},
  pages={3-36}
}

@article{Do1707670,  
    author={ {Hyunsook Do} and G. {Rothermel}},
    journal={IEEE Transactions on Software Engineering},
    title={On the Use of Mutation Faults in Empirical Assessments of Test Case Prioritization Techniques},
    year={2006},
    volume={32},
    number={9},
    pages={733-752}
}

@inproceedings{Chung2004ASA,
  title={A Static Approach to Automated Test Data Generation in the Presence of Pointers},
  author={I. Chung},
  booktitle={ISCIS},
  year={2004}
}

@inproceedings{Huang6340123,
  author={R. {Huang} and X. {Xie} and T. Y. {Chen} and Y. {Lu}},
  booktitle={2012 IEEE 36th Annual Computer Software and Applications Conference}, 
  title={Adaptive Random Test Case Generation for Combinatorial Testing}, 
  year={2012},
  volume={},
  number={},
  pages={52-61},}

@inproceedings{grantACM,
    author = {Grant, Emanuel S. and Nanda, Smruti Priyambada},
    title = {A Review of Applications of Formal Specification in Safety-Critical System Development},
    year = {2020},
    doi = {10.1145/3388142.3388175},
    booktitle = {Proceedings of the 2020 the 4th International Conference on Compute and Data Analysis},
    pages = {208–215},
    series = {ICCDA 2020}
}

@inproceedings{fowkes2016parameter,
  title={Parameter-free probabilistic API mining across GitHub},
  author={Fowkes, Jaroslav and Sutton, Charles},
  booktitle={Proceedings of the 24th ACM SIGSOFT FSE},
  pages={254--265},
  year={2016},
  organization={ACM}
}    

@inproceedings{lipka7302457,
  author={R. {Lipka} and T. {Potuák} and P. {Brada} and P. {Hnetynka} and J. {Vinárek}},
  booktitle={2015 41st Euromicro Conference on Software Engineering and Advanced Applications}, 
  title={A Method for Semi-automated Generation of Test Scenarios Based on Use Cases}, 
  year={2015},
  volume={},
  number={},
  pages={241-244},}

@ARTICLE{liu6613484,
  author={H. {Liu} and F. {Kuo} and D. {Towey} and T. Y. {Chen}},
  journal={IEEE Transactions on Software Engineering}, 
  title={How Effectively Does Metamorphic Testing Alleviate the Oracle Problem?}, 
  year={2014},
  volume={40},
  number={1},
  pages={4-22},}

@inproceedings{naturalize,
    Author = {Allamanis, Miltiadis and Barr, Earl T and Bird, Christian and Charles Sutton},
    Booktitle = {FSE},
    Title = {Learning Natural Coding Conventions},
    Year = {2014}}

@inproceedings{neural-naturalize,
    Author = {Allamanis, Miltiadis and Barr, Earl T. and Bird, Christian and Charles Sutton},
    Booktitle = {FSE},
    Title = {Suggesting Accurate Method and Class Names},
    Year = {2015}}

@article{tse-coils,
    Author = {Miltiadis Allamanis and Earl T. Barr and Christian Bird and Premkumar Devanbu and Mark Marron and Charles Sutton},
    Journal = {IEEE TSE},
    Title = {Mining Semantic Loop Idioms},
    Year = {2018}}

@inproceedings{idioms,
    Author = {Miltos Allamanis and Charles Sutton},
    Booktitle = {FSE},
    Title = {Mining idioms from source code},
    Year = {2014}}


@inproceedings{katirtzis18,
    Author = {Nikolaos Katirtzis and Themistoklis Diamantopoulos and Charles Sutton},
    Booktitle = {FASE},
    Title = {Summarizing Software {API} Usage Examples using Clustering Techniques},
    Year = {2018}} 
    
%%%%%%%%%%%%%%%%%%%%%%%%%%%%%%%%%%%%%%%%%%%%%%%%%%%%%%%%%%%%%%%%%%%%%%%%%%%%%%%%%%%%%%%%%%%%%%%%%%%%%%%%%%

@article{sola1997importance,
  title={Importance of input data normalization for the application of neural networks to complex industrial problems},
  author={Sola, J and Sevilla, Joaquin},
  journal={IEEE Transactions on Nuclear Science},
  volume={44},
  number={3},
  pages={1464--1468},
  year={1997}
}

@article{voas1992pie,
  title={PIE: A dynamic failure-based technique},
  author={Voas, Jeffrey},
  journal={IEEE TSE},
  volume={18},
  number={8},
  pages={717--727},
  year={1992},
  publisher={IEEE}
}

@article{alon2018code2vec,
  title={code2vec: Learning Distributed Representations of Code},
  author={Alon, Uri and others},
  journal={arXiv preprint arXiv:1803.09473},
  year={2018}
}

@article{alon2018code2seq,
  title={code2seq: Generating sequences from structured representations of code},
  author={Alon, Uri and Levy, Omer and Yahav, Eran},
  journal={arXiv preprint arXiv:1808.01400},
  year={2018}
}


%author={Alon, Uri and Zilberstein, Meital and Levy, Omer and Yahav, Eran}

@article{pradel2017deep,
  title={Deep Learning to Find Bugs},
  author={Pradel, Michael and Sen, Koushik},
  year={2017}
}

@article{pradel2018deepbugs,
  title={Deepbugs: a learning approach to name-based bug detection},
  author={Pradel, Michael and Sen, Koushik},
  journal={Proceedings of the ACM on Programming Languages},
  volume={2},
  number={OOPSLA},
  pages={147},
  year={2018},
  publisher={ACM}
}

@MastersThesis{LLVMoriginal,
  author  = {Chris Lattner},
  title   = "{LLVM: An Infrastructure for Multi-Stage Optimization}",
  school  = "{Computer Science Dept., University of Illinois at Urbana-Champaign}",
  year    = {2002},
  address = {Urbana, IL},
  month   = {Dec},
  note    = {{\em See {\tt http://llvm.cs.uiuc.edu}.}}
}

@article{wang2017dynamic,
  title={Dynamic neural program embedding for program repair},
  author={Wang, Ke and Singh, Rishabh and Su, Zhendong},
  journal={ICLR},
  year={2018}
}
%%%%%%%%%%%%%%%%%%%%%%%%%%% Case studies %%%%%%%%%%%%%%%%%%%%%%%

@misc{sealcrypto,
    title = {{M}icrosoft {SEAL} (release 3.2)},
    howpublished = {\url{https://github.com/Microsoft/SEAL}},
    note = {Microsoft Research, Redmond, WA.},
    key = {SEAL},
    Year = {2019}
}
%    month = feb,
%    year = 2019,

@Manual{ethereum,
  title = {Ethereum Project (release 3.5)},
  note = {\url{https://github.com/ethereum/aleth}},
  Year = {2019},

}


@misc{sed,
    title = {Sed, Linux stream editor},
    howpublished = {\url{https://linux.die.net/man/1/sed}},
    Year = {2009},
    
}

@misc{vptr,
    title = {value\_pointer, smart pointer library implementation},
    howpublished = {\url{https://github.com/Baltoli/value_ptr}},
        Year = {2009},
}

%  month = feb,
%  year = 2019,
%  key = {ETH}
  
@misc{l7filter,
  title = {L7-Filter, Application Layer Packet Classifier for Linux},
  howpublished = {\url{http://l7-filter.clearos.com/}},
  Year = {2013}

}
%,
%  month = feb,
%  year = 2019,
%  key = {L7-F}


@inproceedings{Yaneva18,
    Author = {Vanya Yaneva and Arnav Kapoor and Ajitha Rajan and Christophe Dubach},
    Booktitle = {APSEC},
    Title = {Accelerated Finite State Machine Test Execution Using GPUs},
    Year = {2018}
} 

    
%%%%%%%%%%%%%%%%%%Mutation Testing %%%%%%%%%%%%%%%%%%%%%%%%%

@article{jia2011analysis,
  title={An analysis and survey of the development of mutation testing},
  author={Jia, Yue and Harman, Mark},
  journal={IEEE transactions on software engineering},
  volume={37},
  number={5},
  pages={649--678},
  year={2011},
  publisher={IEEE}
}
